<?xml version="1.0" encoding="UTF-8"?><collection xmlns="http://www.loc.gov/MARC21/slim"><record><leader>00456nam--2200181-u-4500</leader><controlfield tag="001">000054678</controlfield><controlfield tag="002">20161230</controlfield><controlfield tag="005">20161230201051</controlfield><controlfield tag="008">120515s1000------------r-----000-0-rus-d</controlfield><datafield ind1=" " ind2=" " tag="040"><subfield code="a">IFIN-HH</subfield></datafield><datafield ind1=" " ind2=" " tag="041"><subfield code="a">rus</subfield></datafield><datafield ind1=" " ind2=" " tag="080"><subfield code="a">539.16.04</subfield></datafield><datafield ind1="1" ind2=" " tag="110"><subfield code="a">Akademia Nauk Uzbekskoi SSR</subfield></datafield><datafield ind1="1" ind2="0" tag="245"><subfield code="a">Radiationno-stimulirovannie protessi v tverdih telah</subfield></datafield><datafield ind1=" " ind2=" " tag="260"><subfield code="a">Taskent</subfield><subfield code="b">Fan</subfield><subfield code="c">1969</subfield></datafield><datafield ind1=" " ind2=" " tag="300"><subfield code="a">163P</subfield></datafield><datafield ind1=" " ind2=" " tag="852"><subfield code="a">77578</subfield><subfield code="c">539.16</subfield></datafield><datafield ind1=" " ind2=" " tag="CAT"><subfield code="a">Sys</subfield><subfield code="c">20120515</subfield><subfield code="h">171547</subfield></datafield></record></collection>